[gd_scene load_steps=15 format=1]

[ext_resource path="res://code/audio.gd" type="Script" id=1]
[ext_resource path="res://audio/ClickNoise.wav" type="Sample" id=2]
[ext_resource path="res://audio/RoundOver.wav" type="Sample" id=3]
[ext_resource path="res://audio/Smack1.wav" type="Sample" id=4]
[ext_resource path="res://audio/Smack2.wav" type="Sample" id=5]
[ext_resource path="res://audio/Smack3.wav" type="Sample" id=6]
[ext_resource path="res://audio/Smack4.wav" type="Sample" id=7]
[ext_resource path="res://audio/Smack5.wav" type="Sample" id=8]
[ext_resource path="res://audio/Smack6.wav" type="Sample" id=9]
[ext_resource path="res://audio/Smack7.wav" type="Sample" id=10]
[ext_resource path="res://audio/Smack8.wav" type="Sample" id=11]
[ext_resource path="res://audio/WinningCredits.wav" type="Sample" id=12]
[ext_resource path="res://audio/Zombie1.wav" type="Sample" id=13]

[sub_resource type="SampleLibrary" id=1]

samples/ClickNoise = { "db":-5.0, "pitch":1.0, "sample":ExtResource( 2 ) }
samples/RoundOver = { "db":-10.0, "pitch":1.0, "sample":ExtResource( 3 ) }
samples/Smack1 = { "db":-20.0, "pitch":1.0, "sample":ExtResource( 4 ) }
samples/Smack2 = { "db":-20.0, "pitch":1.0, "sample":ExtResource( 5 ) }
samples/Smack3 = { "db":-20.0, "pitch":1.0, "sample":ExtResource( 6 ) }
samples/Smack4 = { "db":-20.0, "pitch":1.0, "sample":ExtResource( 7 ) }
samples/Smack5 = { "db":-20.0, "pitch":1.0, "sample":ExtResource( 8 ) }
samples/Smack6 = { "db":-20.0, "pitch":1.0, "sample":ExtResource( 9 ) }
samples/Smack7 = { "db":-20.0, "pitch":1.0, "sample":ExtResource( 10 ) }
samples/Smack8 = { "db":-20.0, "pitch":1.0, "sample":ExtResource( 11 ) }
samples/WinningCredits = { "db":-10.0, "pitch":1.0, "sample":ExtResource( 12 ) }
samples/Zombie1 = { "db":0.0, "pitch":1.0, "sample":ExtResource( 13 ) }

[node name="audio" type="Node"]

script/script = ExtResource( 1 )

[node name="SamplePlayer" type="SamplePlayer" parent="."]

config/polyphony = 1
config/samples = SubResource( 1 )
default/volume_db = 0.0
default/pitch_scale = 1.0
default/pan = 0.0
default/depth = 0.0
default/height = 0.0
default/filter/type = 0
default/filter/cutoff = 5000.0
default/filter/resonance = 1.0
default/filter/gain = 1.0
default/reverb_room = 2
default/reverb_send = 0.0
default/chorus_send = 0.0


